%% LaTeX2e file `MulticutGame-temp.bib'
%% generated by the `filecontents' environment
%% from source `MulticutGame' on 2025/08/12.
%%
@article{garg1997,
  author    = {Garg, Naveen and Vazirani, Vijay V. and Yannakakis, Mihalis},
  title     = {Primal-dual approximation algorithms for integral flow and multicut in trees},
  journal   = {Algorithmica},
  volume    = {18},
  number    = {1},
  pages     = {3--20},
  year      = {1997},
  publisher = {Springer},
  language  = {english},
}
@article{calinescu2000,
  author    = {Calinescu, Gruia and Karloff, Howard and Rabani, Yuval},
  title     = {An improved approximation algorithm for {MULTICUT}},
  journal   = {Journal of Computer and System Sciences},
  volume    = {60},
  number    = {3},
  pages     = {564--574},
  year      = {2000},
  publisher = {Elsevier},
  language  = {english},
}
@book{schrijver2003,
  author    = {Schrijver, Alexander},
  title     = {Combinatorial Optimization: Polyhedra and Efficiency},
  volume    = {A},
  series    = {Algorithms and Combinatorics},
  publisher = {Springer-Verlag},
  address   = {Berlin},
  year      = {2003},
  language  = {english},
}
@article{gupta2004,
  author    = {Gupta, Anupam and Hajiaghayi, MohammadTaghi and R\"{a}cke, Harald},
  title     = {Oblivious network design},
  journal   = {Proceedings of the 36th Annual ACM Symposium on Theory of Computing},
  pages     = {383--392},
  year      = {2004},
  publisher = {ACM},
  language  = {english},
}

@manual{unity2023,
  author    = {Unity Technologies},
  title     = {Unity Game Engine Documentation},
  year      = {2023},
  url       = {https://docs.unity3d.com/},
  language  = {english},
}
@manual{gurobi2023,
  author    = {Gurobi Optimization, LLC},
  title     = {Gurobi Optimizer Reference Manual},
  year      = {2023},
  url       = {https://www.gurobi.com/documentation/},
  language  = {english},
}
@article{poisson2007,
  author    = {Bridson, Robert},
  title     = {Fast Poisson disk sampling in arbitrary dimensions},
  journal   = {ACM SIGGRAPH 2007 sketches},
  pages     = {22},
  year      = {2007},
  publisher = {ACM},
  language  = {english},
}
@article{delaunay1934,
  author    = {Delaunay, Boris},
  title     = {Sur la sphère vide},
  journal   = {Bulletin de l'Académie des Sciences de l'URSS},
  volume    = {6},
  pages     = {793--800},
  year      = {1934},
  language  = {french},
}
@article{bansal2004,
  author    = {Bansal, Nikhil and Blum, Avrim and Chawla, Shuchi},
  title     = {Correlation clustering},
  journal   = {Machine Learning},
  volume    = {56},
  number    = {1-3},
  pages     = {89--113},
  year      = {2004},
  publisher = {Springer},
  language  = {english},
}
@article{demaine2006,
  author    = {Demaine, Erik D. and Emanuel, Dotan and Fiat, Amos and Immorlica, Nicole},
  title     = {Correlation clustering in general weighted graphs},
  journal   = {Theoretical Computer Science},
  volume    = {361},
  number    = {2-3},
  pages     = {172--187},
  year      = {2006},
  publisher = {Elsevier},
  language  = {english},
}
@article{charikar2005,
  author    = {Charikar, Moses and Guruswami, Venkatesan and Wirth, Anthony},
  title     = {Clustering with qualitative information},
  journal   = {Journal of Computer and System Sciences},
  volume    = {71},
  number    = {3},
  pages     = {360--383},
  year      = {2005},
  publisher = {Elsevier},
  language  = {english},
}
@article{andres2012a,
  author    = {Andres, Björn and Kappes, Jörg Hendrik and Beier, Thorsten and Köthe, Ullrich and Hamprecht, Fred A.},
  title     = {Probabilistic image segmentation with closedness constraints},
  journal   = {2011 International Conference on Computer Vision},
  pages     = {2611--2618},
  year      = {2012},
  publisher = {IEEE},
  language  = {english},
}
@article{andres2012b,
  author    = {Andres, Björn and Kröger, Thorsten and Briggman, Kevin L. and Denk, Winfried and Korogod, Natalya and Knott, Graham and Koethe, Ullrich and Hamprecht, Fred A.},
  title     = {Globally optimal closed-surface segmentation for connectomics},
  journal   = {European Conference on Computer Vision},
  pages     = {778--791},
  year      = {2012},
  publisher = {Springer},
  language  = {english},
}
